@article{alias,
  title={},
  author={},
  journal={},
  year={}
}


@book{alias,
title={}, 
DOI={}, 
publisher={}, 
author={}, 
year={}
}

@inproceedings{alias,
  title={},
  author={},
  booktitle={},
  pages={},
  year={},
  organization={}
}

