@book{Chung1960,
   title =     {Markov Chains with Stationary Transition Probabilities},
   author =    {Kai Lai Chung},
   publisher = {Springer-Verlag Berlin Heidelberg},
   isbn =      {978-3-642-49408-6,978-3-642-49686-8},
   year =      {1960},
   series =    {Die Grundlehren der Mathematischen Wissenschaften 104},
   edition =   {1},
   volume =    {},
  }

@article{Hastings,
 ISSN = {00063444},
 URL = {http://www.jstor.org/stable/2334940},
 abstract = {A generalization of the sampling method introduced by Metropolis et al. (1953) is presented along with an exposition of the relevant theory, techniques of application and methods and difficulties of assessing the error in Monte Carlo estimates. Examples of the methods, including the generation of random orthogonal matrices and potential applications of the methods to numerical problems arising in statistics, are discussed.},
 author = {W. K. Hastings},
 journal = {Biometrika},
 number = {1},
 pages = {97--109},
 publisher = {[Oxford University Press, Biometrika Trust]},
 title = {Monte Carlo Sampling Methods Using Markov Chains and Their Applications},
 volume = {57},
 year = {1970}
}


@article{MetropolisPhys,
author = {Metropolis,Nicholas and Rosenbluth,Arianna W.  and Rosenbluth,Marshall N. and Teller,Augusta H.  and Teller,Edward },
title = {Equation of State Calculations by Fast Computing Machines},
journal = {The Journal of Chemical Physics},
volume = {21},
number = {6},
pages = {1087-1092},
year = {1953},
doi = {10.1063/1.1699114},
URL = {https://doi.org/10.1063/1.1699114},
eprint = { https://doi.org/10.1063/1.1699114
}
}

@article{wu1981asymptotic,
  title={Asymptotic theory of nonlinear least squares estimation},
  author={Wu, Chien-Fu},
  journal={The Annals of Statistics},
  pages={501--513},
  year={1981},
  publisher={JSTOR}
}

@article{cybenko1989approximation,
  title={Approximation by superpositions of a sigmoidal function},
  author={Cybenko, George},
  journal={Mathematics of control, signals and systems},
  volume={2},
  number={4},
  pages={303--314},
  year={1989},
  publisher={Springer}
}

@article{zhou2020universality,
  title={Universality of deep convolutional neural networks},
  author={Zhou, Ding-Xuan},
  journal={Applied and computational harmonic analysis},
  volume={48},
  number={2},
  pages={787--794},
  year={2020},
  publisher={Elsevier}
}

@inproceedings{schafer2006recurrent,
  title={Recurrent neural networks are universal approximators},
  author={Sch{\"a}fer, Anton Maximilian and Zimmermann, Hans Georg},
  booktitle={International Conference on Artificial Neural Networks},
  pages={632--640},
  year={2006},
  organization={Springer}
}

@article{shen2019asymptotic,
  title={Asymptotic Properties of Neural Network Sieve Estimators},
  author={Shen, Xiaoxi and Jiang, Chang and Sakhanenko, Lyudmila and Lu, Qing},
  journal={arXiv preprint arXiv:1906.00875},
  year={2019}
}

@incollection{van1996weak,
  title={Weak convergence},
  author={Van Der Vaart, Aad W and Wellner, Jon A},
  booktitle={Weak convergence and empirical processes},
  pages={16--28},
  year={1996},
  publisher={Springer}
}

@techreport{grenander1981abstract,
  title={Abstract inference},
  author={Grenander, Ulf},
  year={1981}
}

@book{goodfellow2016deep,
  title={Deep learning},
  author={Goodfellow, Ian and Bengio, Yoshua and Courville, Aaron and Bengio, Yoshua},
  volume={1},
  number={2},
  year={2016},
  publisher={MIT press Cambridge}
}

@article{fallahgoultowards,
  title={Towards explaining deep learning: asymptotic properties of ReLU FFN sieve estimators},
  year={2020},
  author={Fallahgoul, Hasan}
}